<?xml version="1.0" encoding="UTF-8"?><collection xmlns="http://www.loc.gov/MARC21/slim"><record><leader>00411nam--2200169-u-4500</leader><controlfield tag="001">000056432</controlfield><controlfield tag="002">20161230</controlfield><controlfield tag="005">20161230201052</controlfield><controlfield tag="008">151009s1000------------r-----000-0-rus-d</controlfield><datafield ind1=" " ind2=" " tag="040"><subfield code="a">IFIN-HH</subfield></datafield><datafield ind1=" " ind2=" " tag="041"><subfield code="a">rus</subfield></datafield><datafield ind1=" " ind2=" " tag="080"><subfield code="a">53</subfield></datafield><datafield ind1="1" ind2=" " tag="100"><subfield code="a">Makovetkii, P.V</subfield></datafield><datafield ind1="1" ind2="0" tag="245"><subfield code="a">Smotri v koreni! sbornik liubopitnih zadaci i voprosov</subfield><subfield code="c">P.v. makovetkii</subfield></datafield><datafield ind1=" " ind2=" " tag="260"><subfield code="a">Moskva</subfield><subfield code="b">Nauka</subfield><subfield code="c">1991</subfield></datafield><datafield ind1=" " ind2=" " tag="300"><subfield code="a">350P</subfield></datafield><datafield ind1=" " ind2=" " tag="852"><subfield code="a">79806</subfield></datafield></record></collection>